@misc{hvitved10,
  title={{A trace-based model for multi-party contracts}},
  author={Hvitved, Tom},
  year = 2010 }

@misc{3gerp,
Author={3gERP},
Howpublished={\url{http://3gerp.org/}},
Title={3gERP website}
}

@article{swierstra2008data,
  title={{Data types {\`a} la carte}},
  author={Swierstra, W.},
  journal={Journal of Functional Programming},
  volume={18},
  number={04},
  pages={423--436},
  year={2008},
  publisher={Cambridge Univ Press}
}

@article{DBLP:journals/jlp/HengleinLSS09,
  author    = {Fritz Henglein and
               Ken Friis Larsen and
               Jakob Grue Simonsen and
               Christian Stefansen},
  title     = {POETS: Process-oriented event-driven transaction systems},
  journal   = {J. Log. Algebr. Program.},
  volume    = {78},
  number    = {5},
  year      = {2009},
  pages     = {381-401},
  ee        = {http://dx.doi.org/10.1016/j.jlap.2008.08.007},
  bibsource = {DBLP, http://dblp.uni-trier.de}
}
