@article{andersen06contracts,
 author = {Jesper Andersen and Ebbe Elsborg and Fritz Henglein and Jakob Grue Simonsen and Christian Stefansen},
 title = {Compositional specification of commercial contracts},
 journal = {International Journal on Software Tools for Technology Transfer (STTT)},
 volume = {8},
 number = {6},
 year = {2006},
 issn = {1433-2779},
 pages = {485--516},
 publisher = {Springer-Verlag},
 address = {Berlin, Heidelberg},
}

@incollection{jones03contracts,
 author = {Simon Peyton-Jones and Jean-Marc Eber},
 title = {How to write a financial contract},
 booktitle = {The Fun of Programming},
 editor ={Jeremy Gibbons and Oege de Moor},
 year = {2003},
 publisher = {Cambridge University Press},
 address = {New York, NY, USA},
 chapter = {6},
 pages = {105--130}
}

@techreport{boulmakoul02integratedcontract,
 author = {Abdel Boulmakoul and Mathias Sallé},
 title = {Integrated Contract Management},
 year = {2002},
 institution = {HP Laboratories Bristol}
}

@inproceedings{goodchild00b2b,
 author = {Andrew Goodchild and Charles Herring and Zoran Milosevic},
 title = {Business Contracts for B2B},
 booktitle = {Proceedings of the CAISE '00 Workshop on Infrastructure for Dynamic Business-to-Business Service Outsourcing (ISDO 2000)},
 year = {2000},
 pages = {63--74}
}

@article{linington04bcl,
 author    = {Peter F. Linington and Zoran Milosevic and James B. Cole and Simon Gibson and Sachin Kulkarni and Stephen W. Neal},
 title     = {A unified behavioural model and a contract language for extended enterprise},
 journal   = {Data Knowl. Eng.},
 volume    = {51},
 number    = {1},
 year      = {2004},
 pages     = {5--29},
 bibsource = {DBLP, http://dblp.uni-trier.de}
}

@article{wright51deonticlogic,
 title = {Deontic Logic},
 author = {G. H. von Wright},
 journal = {Mind},
 volume = {60},
 number = {237},
 series = {New Series},
 pages = {1--15},
 ISSN = {00264423},
 year = {1951},
 publisher = {Oxford University Press on behalf of the Mind Association},    
 copyright = {Copyright © 1951 Oxford University Press},
}

@article{prakken96ctd,
 author = {Henry Prakken and Marek Sergot},
 title = {Contrary-to-duty obligations},
 journal = {Studia Logica},
 year = {1996},
 volume = {57},
 pages = {91--115}
}

@article{governatori09drcontract,
  author = {Guido Governatori and Duy Hoang Pham},
  number = {4},
  year = {2009},
  volume = {5},
  journal = {International Journal of Business Process Integration and Management},
  title = {DR-CONTRACT: An Architecture for e-Contracts in Defeasible Logic}
}

@incollection{oren09towards,
 author = {Oren, Nir and Panagiotidi, Sofia and V\'{a}zquez-Salceda, Javier and Modgil, Sanjay and Luck, Michael and Miles, Simon},
 title = {Towards a Formalisation of Electronic Contracting Environments},
 booktitle = {Coordination, Organizations, Institutions and Norms in Agent Systems IV},
 year = {2009},
 isbn = {978-3-642-00442-1},
 pages = {156--171},
 publisher = {Springer-Verlag},
 address = {Berlin, Heidelberg},
}

@article{lee88electroniccontracting,
 author = {Ronald M. Lee},
 title = {A Logic Model for Electronic Contracting},
 journal = {Decision Support Systems},
 volume = {4},
 number = {1},
 year = {1988},
 issn = {0167-9236},
 pages = {27--44},
 publisher = {Elsevier Science Publishers B. V.},
 address = {Amsterdam, The Netherlands, The Netherlands},
}

@incollection{prisacariu07cl,
 author = {Cristian Prisacariu and Gerardo Schneider},
 title = {A Formal Language for Electronic Contracts },
 booktitle = {Formal Methods for Open Object-Based Distributed Systems},
 year = {2007},
 isbn = {978-3-540-72919-8},
 pages = {174--189},
 publisher = {Springer-Verlag},
 address = {Berlin, Heidelberg}
}

@inproceedings{kyas08clrm,
 author = {Kyas, Marcel and Prisacariu, Cristian and Schneider, Gerardo},
 title = {Run-Time Monitoring of Electronic Contracts},
 booktitle = {ATVA '08: Proceedings of the 6th International Symposium on Automated Technology for Verification and Analysis},
 year = {2008},
 isbn = {978-3-540-88386-9},
 pages = {397--407},
 location = {Seoul, Korea},
 publisher = {Springer-Verlag},
 address = {Berlin, Heidelberg},
}

@inproceedings{pace09challenges,
 author = {Pace, Gordon J. and Schneider, Gerardo},
 title = {Challenges in the Specification of Full Contracts},
 booktitle = {IFM '09: Proceedings of the 7th International Conference on Integrated Formal Methods},
 year = {2009},
 isbn = {978-3-642-00254-0},
 pages = {292--306},
 location = {D\"{u}sseldorf, Germany},
 publisher = {Springer-Verlag},
 address = {Berlin, Heidelberg},
}

@article{xu04multipartycontracts,
 author = {Lai Xu},
 title = {A multi-party contract model},
 journal = {SIGecom Exch.},
 volume = {5},
 number = {1},
 year = {2004},
 pages = {13--23},
 publisher = {ACM},
 address = {New York, NY, USA}
}

@article{molina04runtimemonitoring,
 author = {Carlos Molina-jimenez and Carlos Molina-jimenez and Santosh Shrivastava and Santosh Shrivastava and Ellis Solaiman and Ellis Solaiman and John Warne and John Warne},
 title = {Run-time Monitoring and Enforcement of Electronic Contracts},
 journal = {Electronic Commerce Research and Applications},
 year = {2004},
 volume = {3},
 pages = {2004}
}

@article{henglein09poets,
 author = {Henglein, Fritz and Friis Larsen, Ken and Grue Simonsen, Jakob and Stefansen, Christian},
 title = {POETS: Process-Oriented Event-driven Transaction Systems},
 journal = {Journal of Logic and Algebraic Programming (JLAP). Special Issue on Contract-Oriented Software},
 year = {2009}
}

@article{alpern84definingliveness,
 author = {Alpern, Bowen and Schneider, Fred B.},
 day = {7},
 journal = {Information Processing Letters},
 month = {October},
 number = {4},
 pages = {181--185},
 title = {Defining liveness},
 volume = {21},
 year = {1985}
}

@article{leucker09rv,
 title = "A brief account of runtime verification",
 journal = "Journal of Logic and Algebraic Programming",
 volume = "78",
 number = "5",
 pages = "293--303",
 year = "2009",
 note = "The 1st Workshop on Formal Languages and Analysis of Contract-Oriented Software (FLACOS'07)",
 issn = "1567-8326",
 author = "Martin Leucker and Christian Schallhart"
}

@inproceedings{japaridze02logicofgames,
 author = {Giorgi Japaridze},
 title = {What is the real logic of games after all?},
 booktitle = {Proceedings of the 3rd and 4th International Symposium on Language},
 series = {Logic and Computation},
 editors = {D. De Jongh, H.Zeevat and M Nilsenova},
 publisher = {ILLCScientific Publications, Amsterdam},
 year = {2002},
 pages = {243--257}
}

@article{alur94tptl,
 author = {Alur, Rajeev and Henzinger, Thomas A.},
 title = {A really temporal logic},
 journal = {J. ACM},
 volume = {41},
 number = {1},
 year = {1994},
 issn = {0004-5411},
 pages = {181--203},
 publisher = {ACM},
 address = {New York, NY, USA},
}

@InProceedings{basin08mfotl,
  author = 	 {David Basin and Felix Klaedtke and Samuel M\"uller and Birgit Pfitzmann},
  title = 	 {Runtime Monitoring of Metric First-order Temporal Properties},
  booktitle =    {Proceedings of the 28th IARCS Annual Conference on
                  Foundations of Software Technology and Theoretical Computer Science (FSTTCS'08)},
  pages = 	 {49--60},
  year = 	 {2008},
  publisher =    {IBFI Schloss Dagstuhl}
}

@misc{wikipedia10fundamentalbreach,
 author = {Wikipedia},
 title = {Principal (commercial law)},
 howpublished = {\url{http://en.wikipedia.org/wiki/Fundamental_breach}},
 year = {2008}
}

@book{winskel93fsopl,
 author = {Winskel, Glynn},
 title = {The formal semantics of programming languages: an introduction},
 year = 1993,
 isbn = {0-262-23169-7},
 publisher = {MIT Press},
 address = {Cambridge, MA, USA},
}

@techreport{aberdeen06procurementcontracts,
 author = {Vishal Patel},
 institution = {Aberdeen Group},
 title = {The Contract Management Benchmark Report: Procurement Contracts},
 year = {2006}
}

@techreport{aberdeen07clm,
 author = {Vishal Patel and Christopher J. Dwyer},
 institution = {Aberdeen Group},
 title = {Contract Lifecycle Management and the CFO: Optimizing Revenues and Capturing Savings},
 year = {2007}
}

@article{governatori06formalbcl,
 author    = {Guido Governatori and Zoran Milosevic},
 title     = {A Formal Analysis of a Business Contract Language},
 journal   = {Int. J. Cooperative Inf. Syst.},
 volume    = {15},
 number    = {4},
 year      = {2006},
 pages     = {659--685},
 bibsource = {DBLP, http://dblp.uni-trier.de}
}

@article{tan00incas,
 author = {Yao-Hua Tan and Walter Thoen},
 title = {INCAS: a legal expert system for contract terms in electronic commerce},
 journal = {Decision Support Systems},
 volume = {29},
 number = {4},
 year = {2000},
 issn = {0167-9236},
 pages = {389--411},
 publisher = {Elsevier Science Publishers B. V.},
 address = {Amsterdam, The Netherlands, The Netherlands},
}

@book{bernstein01db,
 author = "Arthur J. Bernstein and Michael Kifer",
 title = {Databases and Transaction Processing: An Application-Oriented Approach},
 year = "2001",
 isbn = "0201708728",
 publisher = "Addison-Wesley Longman Publishing Co., Inc.",
 address = "Boston, MA, USA",
}

@techreport{crf04cel,
 author = {Content Reference Forum},
 institution = {Content Reference Forum},
 title = {Contract Expression Language (CEL) – An UN/CEFACT BCF Compliant Technology},
 year = {2004}
}

@book{huthryan04lics,
 author = {Michael Huth and Mark Ryan },
 howpublished = {Paperback},
 isbn = {052154310X},
 month = {August},
 publisher = {Cambridge University Press},
 title = {Logic in Computer Science: Modelling and Reasoning about Systems},
 year = {2004}
}

@article{alur94timedautomata,
 author = {Rajeev Alur and David L. Dill},
 title = {A theory of timed automata},
 journal = {Theoretical Computer Science},
 volume = {126},
 number = {2},
 year = {1994},
 issn = {0304-3975},
 pages = {183--235},
 publisher = {Elsevier Science Publishers Ltd.},
 address = {Essex, UK},
}

@book{pierce04attpl,
 author = {Pierce, Benjamin C.},
 title = {Advanced Topics in Types and Programming Languages},
 year = {2004},
 isbn = {0262162288},
 publisher = {The MIT Press},
}

@inproceedings{tan01survey,
 author = {Yao-Hua Tan and Walter Thoen and Somasundaram Ramanathan},
 title = {A Survey of Electronic Contracting Related Developments},
 year = {2001},
 booktitle = {BLED 2001 Proceedings}
}

@article{back00cgr,
 author = {Ralph-Johan Back and Joakim von Wright},
 title = {Contracts, Games and Refinement},
 journal = {Inf. Comput.},
 volume = {156},
 number = {1-2},
 year = {2000},
 issn = {0890-5401},
 pages = {25--45},
 publisher = {Academic Press, Inc.},
 address = {Duluth, MN, USA}
}